@article{propositions-as-types,
  title={Propositions as types},
  author={Wadler, Philip},
  journal={Communications of the ACM},
  volume={58},
  number={12},
  pages={75--84},
  year={2015},
  publisher={ACM}
}


@incollection{pml,
  title={Constructive mathematics and computer programming},
  author={Martin-L{\"o}f, Per},
  booktitle={Studies in Logic and the Foundations of Mathematics},
  volume={104},
  pages={153--175},
  year={1982},
  publisher={Elsevier}
}

@inproceedings{free,
  title={Theorems for free!},
  author={Wadler, Philip},
  booktitle={Proceedings of the Fourth International Conference on
                  Functional Programming Languages and Computer
                  Architecture},
  pages={347--359},
  year=1989,
  organization={ACM}
}

@book{felleisen,
  title={How to design programs: an introduction to programming and computing},
  author={Felleisen, Matthias and Findler, Robert Bruce and Flatt, Matthew and Krishnamurthi, Shriram},
  year={2018},
  publisher={MIT Press}
}

@inproceedings{generic,
  title={Generic programming},
  author={Backhouse, Roland and Jansson, Patrik and Jeuring, Johan and Meertens, Lambert},
  booktitle={International School on Advanced Functional Programming},
  pages={28--115},
  year={1998},
  organization={Springer}
}


@article{ornaments,
  title={Transporting functions across ornaments},
  author={Dagand, Pierre-Evariste and McBride, Conor},
  journal={Journal of functional programming},
  volume={24},
  number={2-3},
  pages={316--383},
  year={2014},
  publisher={Cambridge University Press}
}
