@article{CranenGWW15,
  author    = {Sjoerd Cranen and
               Maciej Gazda and
               Wieger Wesselink and
               Tim A.C. Willemse},
  title     = {Abstraction in Fixpoint Logic},
  journal   = {{ACM} Trans. Comput. Log.},
  volume    = {16},
  number    = {4},
  pages     = {29:1--29:39},
  year      = {2015}
}

@article{GrooteW05,
  author    = {Jan Friso Groote and
               Tim A.C. Willemse},
  title     = {Parameterised boolean equation systems},
  journal   = {Theor. Comput. Sci.},
  volume    = {343},
  number    = {3},
  pages     = {332--369},
  year      = {2005}
}

@article{HwongKKLW13,
  author    = {Yi{-}Ling Hwong and
               Jeroen J. A. Keiren and
               Vincent J. J. Kusters and
               Sander J. J. Leemans and
               Tim A. C. Willemse},
  title     = {Formalising and analysing the control software of the Compact Muon
               Solenoid Experiment at the Large Hadron Collider},
  journal   = {Sci. Comput. Program.},
  volume    = {78},
  number    = {12},
  pages     = {2435--2452},
  year      = {2013}
}

@inproceedings{CaludeJKL017,
  author    = {Cristian S. Calude and
               Sanjay Jain and
               Bakhadyr Khoussainov and
               Wei Li and
               Frank Stephan},
  title     = {Deciding parity games in quasipolynomial time},
  booktitle = {{STOC}},
  pages     = {252--263},
  publisher = {{ACM}},
  year      = {2017}
}

@article{GrooteKoutersOsaiweran,
  author    = {Jan Friso Groote and
               Tim W. D. M. Kouters and
               Ammar Osaiweran},
  title     = {Specification guidelines to avoid the state space explosion problem},
  journal   = {Softw. Test., Verif. Reliab.},
  volume    = {25},
  number    = {1},
  pages     = {4--33},
  year      = {2015}
}

@inproceedings{DBLP:conf/fm/Broadfoot05,
  author    = {Guy H. Broadfoot},
  title     = {{ASD} Case Notes: Costs and Benefits of Applying Formal Methods to
               Industrial Control Software},
  booktitle = {{FM} 2005: Formal Methods, International Symposium of Formal Methods
               Europe, Newcastle, UK, July 18-22, 2005, Proceedings},
  pages     = {548--551},
  year      = {2005},
  crossref  = {DBLP:conf/fm/2005},
  url       = {https://doi.org/10.1007/11526841\_39},
  doi       = {10.1007/11526841\_39},
  timestamp = {Fri, 02 Jun 2017 20:50:05 +0200},
  biburl    = {https://dblp.org/rec/bib/conf/fm/Broadfoot05},
  bibsource = {dblp computer science bibliography, https://dblp.org}
}

@proceedings{DBLP:conf/fm/2005,
  editor    = {John S. Fitzgerald and
               Ian J. Hayes and
               Andrzej Tarlecki},
  title     = {{FM} 2005: Formal Methods, International Symposium of Formal Methods
               Europe, Newcastle, UK, July 18-22, 2005, Proceedings},
  series    = {Lecture Notes in Computer Science},
  volume    = {3582},
  publisher = {Springer},
  year      = {2005},
  url       = {https://doi.org/10.1007/b27882},
  doi       = {10.1007/b27882},
  isbn      = {3-540-27882-6},
  timestamp = {Fri, 02 Jun 2017 20:50:05 +0200},
  biburl    = {https://dblp.org/rec/bib/conf/fm/2005},
  bibsource = {dblp computer science bibliography, https://dblp.org}
}

@techreport{Jonk16,
  author    = {Ruben Jonk},
  title     = {The semantics of ALIAS defined in mCRL2},
  year      = 2016,
  institution= {Eindhoven University of Technology, Department of Computer Science},
  address   = {The Netherlands},
  note      = {master thesis}}


@techreport{GKRSW13,
   author   = {Jan Friso Groote and Jeroen Keiren and Anson van Rooij and Vikram Saralaya and Anton Wijs}, 
   title    = {Verificatie van de correctheid van de PLC-software van de Algerabrug},
   year     = {2013},
   note     = {Technical report for Rijkswaterstaat (confidential)}}


@inproceedings{GKV95,
   author   = {J.F. Groote, J.W.C. Koorn and S.F.M. van Vlijmen},
   title    = {The safety guaranteeing system at station Hoorn-Kersenboogerd (Extended abstract)},
   year     = {1995},
   booktitle= {Proceedings 10th Annual Conference on Computer Assurance (COMPASS'95)}, 
   publisher= {IEEE},
   pages    = {57-68}, 
   address  = {Gaithersburg, Maryland}}

@article{DBLP:journals/sttt/OsaiweranSHGR16,
  author    = {Ammar Osaiweran and
               Mathijs Schuts and
               Jozef Hooman and
               Jan Friso Groote and
               Bart J. van Rijnsoever},
  title     = {Evaluating the effect of a lightweight formal technique in industry},
  journal   = {{STTT}},
  volume    = {18},
  number    = {1},
  pages     = {93--108},
  year      = {2016},
  url       = {https://doi.org/10.1007/s10009-015-0374-1},
  doi       = {10.1007/s10009-015-0374-1},
  timestamp = {Tue, 26 Jun 2018 14:09:49 +0200},
  biburl    = {https://dblp.org/rec/bib/journals/sttt/OsaiweranSHGR16},
  bibsource = {dblp computer science bibliography, https://dblp.org}
}

@book{DBLP:books/mit/GrooteM2014,
  author    = {Jan Friso Groote and
               Mohammad Reza Mousavi},
  title     = {Modeling and Analysis of Communicating Systems},
  publisher = {{MIT} Press},
  year      = {2014}
}
maintained by Schloss Dagstuhl LZI at University of Trier	homebrowsesearchabout

